@article{jdd,
  title = {Comment détecter les drones},
  note = "http://www.lejdd.fr/Societe/Faits-divers/Comment-detecter-les-drones-720496",
  journal = "JDD",
  year = "1 mars 2015",
  author = "Juliette Demey",
}

@manual{gonio,
  title = {Recepteur gonio(ou indicateur de champ) vhf},
  note = "http://ph-martin.pagesperso-orange.fr/f6eti/realisations/9901rxvhf/index.htm",
  year = "",
  author = "Philippe Martin",
}

@manual{acoustique,
  title = {A UAV motor denoising technique to improve localization of surrounding noisy aircrafts: proof of concept for anti-collision systems},
  note = "",
  year = "2012",
  author = "P. Marmaroli, X. Falourd, H. Lissek",
}


@manual{acoustique2,
  title = {UAV Sound Source Localization},
  note = "",
  year = "2014",
  author = "Peter Hausmann",
}

@article{acoustique3,
  title = {Tiny Device Will Detect Domestic Drones},
  note = "http://www.usnews.com/news/articles/2013/05/01/tiny-device-will-detect-domestic-drones",
  journal = "US.news",
  year = "May 1 2013",
  author = "Jason Koebler",
}

@misc{dronedetector,
title = "Drone detector",
note = "http://www.drone-detector.com/fr/",
author = "Société Orelia",
}

@misc{optique,
title = "L'imagerie thermique: Une technologie prête à conquérir le reste du monde",
note = "http://www.flir.fr/cs/display/?id=51839",
author = "Société Flir",
}
